%YAML 1.1
%TAG !u! tag:unity3d.com,2011:
--- !u!29 &1
OcclusionCullingSettings:
  m_ObjectHideFlags: 0
  serializedVersion: 2
  m_OcclusionBakeSettings:
    smallestOccluder: 5
    smallestHole: 0.25
    backfaceThreshold: 100
  m_SceneGUID: 00000000000000000000000000000000
  m_OcclusionCullingData: {fileID: 0}
--- !u!104 &2
RenderSettings:
  m_ObjectHideFlags: 0
  serializedVersion: 8
  m_Fog: 0
  m_FogColor: {r: 0.5, g: 0.5, b: 0.5, a: 1}
  m_FogMode: 3
  m_FogDensity: 0.01
  m_LinearFogStart: 0
  m_LinearFogEnd: 300
  m_AmbientSkyColor: {r: 0.212, g: 0.227, b: 0.259, a: 1}
  m_AmbientEquatorColor: {r: 0.114, g: 0.125, b: 0.133, a: 1}
  m_AmbientGroundColor: {r: 0.047, g: 0.043, b: 0.035, a: 1}
  m_AmbientIntensity: 1
  m_AmbientMode: 3
  m_SubtractiveShadowColor: {r: 0.42, g: 0.478, b: 0.627, a: 1}
  m_SkyboxMaterial: {fileID: 0}
  m_HaloStrength: 0.5
  m_FlareStrength: 1
  m_FlareFadeSpeed: 3
  m_HaloTexture: {fileID: 0}
  m_SpotCookie: {fileID: 10001, guid: 0000000000000000e000000000000000, type: 0}
  m_DefaultReflectionMode: 0
  m_DefaultReflectionResolution: 128
  m_ReflectionBounces: 1
  m_ReflectionIntensity: 1
  m_CustomReflection: {fileID: 0}
  m_Sun: {fileID: 0}
  m_IndirectSpecularColor: {r: 0, g: 0, b: 0, a: 1}
--- !u!157 &3
LightmapSettings:
  m_ObjectHideFlags: 0
  serializedVersion: 11
  m_GIWorkflowMode: 1
  m_GISettings:
    serializedVersion: 2
    m_BounceScale: 1
    m_IndirectOutputScale: 1
    m_AlbedoBoost: 1
    m_TemporalCoherenceThreshold: 1
    m_EnvironmentLightingMode: 0
    m_EnableBakedLightmaps: 0
    m_EnableRealtimeLightmaps: 0
  m_LightmapEditorSettings:
    serializedVersion: 9
    m_Resolution: 2
    m_BakeResolution: 40
    m_TextureWidth: 1024
    m_TextureHeight: 1024
    m_AO: 0
    m_AOMaxDistance: 1
    m_CompAOExponent: 1
    m_CompAOExponentDirect: 0
    m_Padding: 2
    m_LightmapParameters: {fileID: 0}
    m_LightmapsBakeMode: 1
    m_TextureCompression: 1
    m_FinalGather: 0
    m_FinalGatherFiltering: 1
    m_FinalGatherRayCount: 256
    m_ReflectionCompression: 2
    m_MixedBakeMode: 2
    m_BakeBackend: 0
    m_PVRSampling: 1
    m_PVRDirectSampleCount: 32
    m_PVRSampleCount: 500
    m_PVRBounces: 2
    m_PVRFilterTypeDirect: 0
    m_PVRFilterTypeIndirect: 0
    m_PVRFilterTypeAO: 0
    m_PVRFilteringMode: 1
    m_PVRCulling: 1
    m_PVRFilteringGaussRadiusDirect: 1
    m_PVRFilteringGaussRadiusIndirect: 5
    m_PVRFilteringGaussRadiusAO: 2
    m_PVRFilteringAtrousPositionSigmaDirect: 0.5
    m_PVRFilteringAtrousPositionSigmaIndirect: 2
    m_PVRFilteringAtrousPositionSigmaAO: 1
    m_ShowResolutionOverlay: 1
  m_LightingDataAsset: {fileID: 0}
  m_UseShadowmask: 1
--- !u!196 &4
NavMeshSettings:
  serializedVersion: 2
  m_ObjectHideFlags: 0
  m_BuildSettings:
    serializedVersion: 2
    agentTypeID: 0
    agentRadius: 0.5
    agentHeight: 2
    agentSlope: 45
    agentClimb: 0.4
    ledgeDropHeight: 0
    maxJumpAcrossDistance: 0
    minRegionArea: 2
    manualCellSize: 0
    cellSize: 0.16666667
    manualTileSize: 0
    tileSize: 256
    accuratePlacement: 0
    debug:
      m_Flags: 0
  m_NavMeshData: {fileID: 0}
--- !u!1001 &716900733
Prefab:
  m_ObjectHideFlags: 0
  serializedVersion: 2
  m_Modification:
    m_TransformParent: {fileID: 0}
    m_Modifications:
    - target: {fileID: 4311399914535108, guid: 1bad273a878ee274d87ec96793809a0c, type: 2}
      propertyPath: m_LocalPosition.x
      value: 0
      objectReference: {fileID: 0}
    - target: {fileID: 4311399914535108, guid: 1bad273a878ee274d87ec96793809a0c, type: 2}
      propertyPath: m_LocalPosition.y
      value: 0
      objectReference: {fileID: 0}
    - target: {fileID: 4311399914535108, guid: 1bad273a878ee274d87ec96793809a0c, type: 2}
      propertyPath: m_LocalPosition.z
      value: 0
      objectReference: {fileID: 0}
    - target: {fileID: 4311399914535108, guid: 1bad273a878ee274d87ec96793809a0c, type: 2}
      propertyPath: m_LocalRotation.x
      value: 0
      objectReference: {fileID: 0}
    - target: {fileID: 4311399914535108, guid: 1bad273a878ee274d87ec96793809a0c, type: 2}
      propertyPath: m_LocalRotation.y
      value: 0
      objectReference: {fileID: 0}
    - target: {fileID: 4311399914535108, guid: 1bad273a878ee274d87ec96793809a0c, type: 2}
      propertyPath: m_LocalRotation.z
      value: 0
      objectReference: {fileID: 0}
    - target: {fileID: 4311399914535108, guid: 1bad273a878ee274d87ec96793809a0c, type: 2}
      propertyPath: m_LocalRotation.w
      value: 1
      objectReference: {fileID: 0}
    - target: {fileID: 4311399914535108, guid: 1bad273a878ee274d87ec96793809a0c, type: 2}
      propertyPath: m_RootOrder
      value: 5
      objectReference: {fileID: 0}
    - target: {fileID: 23146285622627630, guid: 1bad273a878ee274d87ec96793809a0c,
        type: 2}
      propertyPath: m_SortingLayerID
      value: 2032015841
      objectReference: {fileID: 0}
    - target: {fileID: 23146285622627630, guid: 1bad273a878ee274d87ec96793809a0c,
        type: 2}
      propertyPath: m_SortingLayer
      value: 2
      objectReference: {fileID: 0}
    - target: {fileID: 23834257430111086, guid: 1bad273a878ee274d87ec96793809a0c,
        type: 2}
      propertyPath: m_SortingLayerID
      value: 2032015841
      objectReference: {fileID: 0}
    - target: {fileID: 23834257430111086, guid: 1bad273a878ee274d87ec96793809a0c,
        type: 2}
      propertyPath: m_SortingLayer
      value: 2
      objectReference: {fileID: 0}
    - target: {fileID: 23734674490159694, guid: 1bad273a878ee274d87ec96793809a0c,
        type: 2}
      propertyPath: m_SortingLayerID
      value: 2032015841
      objectReference: {fileID: 0}
    - target: {fileID: 23734674490159694, guid: 1bad273a878ee274d87ec96793809a0c,
        type: 2}
      propertyPath: m_SortingLayer
      value: 2
      objectReference: {fileID: 0}
    - target: {fileID: 23679441077486770, guid: 1bad273a878ee274d87ec96793809a0c,
        type: 2}
      propertyPath: m_SortingLayerID
      value: 2032015841
      objectReference: {fileID: 0}
    - target: {fileID: 23679441077486770, guid: 1bad273a878ee274d87ec96793809a0c,
        type: 2}
      propertyPath: m_SortingLayer
      value: 2
      objectReference: {fileID: 0}
    - target: {fileID: 23428817530650062, guid: 1bad273a878ee274d87ec96793809a0c,
        type: 2}
      propertyPath: m_SortingLayerID
      value: 2032015841
      objectReference: {fileID: 0}
    - target: {fileID: 23428817530650062, guid: 1bad273a878ee274d87ec96793809a0c,
        type: 2}
      propertyPath: m_SortingLayer
      value: 2
      objectReference: {fileID: 0}
    - target: {fileID: 23012769637730596, guid: 1bad273a878ee274d87ec96793809a0c,
        type: 2}
      propertyPath: m_SortingLayerID
      value: 2032015841
      objectReference: {fileID: 0}
    - target: {fileID: 23012769637730596, guid: 1bad273a878ee274d87ec96793809a0c,
        type: 2}
      propertyPath: m_SortingLayer
      value: 2
      objectReference: {fileID: 0}
    m_RemovedComponents: []
  m_ParentPrefab: {fileID: 100100000, guid: 1bad273a878ee274d87ec96793809a0c, type: 2}
  m_IsPrefabParent: 0
--- !u!1 &759166437
GameObject:
  m_ObjectHideFlags: 0
  m_PrefabParentObject: {fileID: 0}
  m_PrefabInternal: {fileID: 0}
  serializedVersion: 5
  m_Component:
  - component: {fileID: 759166439}
  - component: {fileID: 759166438}
  m_Layer: 0
  m_Name: LevelManager
  m_TagString: Untagged
  m_Icon: {fileID: 0}
  m_NavMeshLayer: 0
  m_StaticEditorFlags: 0
  m_IsActive: 1
--- !u!114 &759166438
MonoBehaviour:
  m_ObjectHideFlags: 0
  m_PrefabParentObject: {fileID: 0}
  m_PrefabInternal: {fileID: 0}
  m_GameObject: {fileID: 759166437}
  m_Enabled: 1
  m_EditorHideFlags: 0
  m_Script: {fileID: 11500000, guid: 624e1d15444340a47a68c179a49beee2, type: 3}
  m_Name: 
  m_EditorClassIdentifier: 
  bossObjectName: Boss
  minionName: Minion
  level: HES
  worldMapExitPosition: {x: -33.24, y: -4.32}
--- !u!4 &759166439
Transform:
  m_ObjectHideFlags: 0
  m_PrefabParentObject: {fileID: 0}
  m_PrefabInternal: {fileID: 0}
  m_GameObject: {fileID: 759166437}
  m_LocalRotation: {x: -0, y: -0, z: -0, w: 1}
  m_LocalPosition: {x: 107.11, y: -160.54, z: -0.0078125}
  m_LocalScale: {x: 1, y: 1, z: 1}
  m_Children: []
  m_Father: {fileID: 0}
  m_RootOrder: 6
  m_LocalEulerAnglesHint: {x: 0, y: 0, z: 0}
--- !u!1 &886091160
GameObject:
  m_ObjectHideFlags: 0
  m_PrefabParentObject: {fileID: 0}
  m_PrefabInternal: {fileID: 0}
  serializedVersion: 5
  m_Component:
  - component: {fileID: 886091163}
  - component: {fileID: 886091162}
  - component: {fileID: 886091161}
  m_Layer: 0
  m_Name: LeaveHesHall
  m_TagString: Untagged
  m_Icon: {fileID: 0}
  m_NavMeshLayer: 0
  m_StaticEditorFlags: 0
  m_IsActive: 1
--- !u!114 &886091161
MonoBehaviour:
  m_ObjectHideFlags: 0
  m_PrefabParentObject: {fileID: 0}
  m_PrefabInternal: {fileID: 0}
  m_GameObject: {fileID: 886091160}
  m_Enabled: 1
  m_EditorHideFlags: 0
  m_Script: {fileID: 11500000, guid: 0f17759d8c0e6704cbc0d9ff507a876c, type: 3}
  m_Name: 
  m_EditorClassIdentifier: 
  newScene: HesHallOutside
  newPosition: {x: 30.32, y: -42.5}
--- !u!61 &886091162
BoxCollider2D:
  m_ObjectHideFlags: 0
  m_PrefabParentObject: {fileID: 0}
  m_PrefabInternal: {fileID: 0}
  m_GameObject: {fileID: 886091160}
  m_Enabled: 1
  m_Density: 1
  m_Material: {fileID: 0}
  m_IsTrigger: 1
  m_UsedByEffector: 0
  m_UsedByComposite: 0
  m_Offset: {x: 0, y: 0}
  m_SpriteTilingProperty:
    border: {x: 0, y: 0, z: 0, w: 0}
    pivot: {x: 0, y: 0}
    oldSize: {x: 0, y: 0}
    newSize: {x: 0, y: 0}
    adaptiveTilingThreshold: 0
    drawMode: 0
    adaptiveTiling: 0
  m_AutoTiling: 0
  serializedVersion: 2
  m_Size: {x: 1, y: 1}
  m_EdgeRadius: 0
--- !u!4 &886091163
Transform:
  m_ObjectHideFlags: 0
  m_PrefabParentObject: {fileID: 0}
  m_PrefabInternal: {fileID: 0}
  m_GameObject: {fileID: 886091160}
  m_LocalRotation: {x: 0, y: 0, z: 0, w: 1}
  m_LocalPosition: {x: 51.73, y: -54.95, z: -0.0078125}
  m_LocalScale: {x: 2.4999905, y: 1, z: 1}
  m_Children: []
  m_Father: {fileID: 0}
  m_RootOrder: 3
  m_LocalEulerAnglesHint: {x: 0, y: 0, z: 0}
--- !u!1 &914477314
GameObject:
  m_ObjectHideFlags: 0
  m_PrefabParentObject: {fileID: 0}
  m_PrefabInternal: {fileID: 0}
  serializedVersion: 5
  m_Component:
  - component: {fileID: 914477317}
  - component: {fileID: 914477316}
  - component: {fileID: 914477315}
  m_Layer: 0
  m_Name: EventSystem
  m_TagString: Untagged
  m_Icon: {fileID: 0}
  m_NavMeshLayer: 0
  m_StaticEditorFlags: 0
  m_IsActive: 1
--- !u!114 &914477315
MonoBehaviour:
  m_ObjectHideFlags: 0
  m_PrefabParentObject: {fileID: 0}
  m_PrefabInternal: {fileID: 0}
  m_GameObject: {fileID: 914477314}
  m_Enabled: 1
  m_EditorHideFlags: 0
  m_Script: {fileID: 1077351063, guid: f70555f144d8491a825f0804e09c671c, type: 3}
  m_Name: 
  m_EditorClassIdentifier: 
  m_HorizontalAxis: Horizontal
  m_VerticalAxis: Vertical
  m_SubmitButton: Submit
  m_CancelButton: Cancel
  m_InputActionsPerSecond: 10
  m_RepeatDelay: 0.5
  m_ForceModuleActive: 0
--- !u!114 &914477316
MonoBehaviour:
  m_ObjectHideFlags: 0
  m_PrefabParentObject: {fileID: 0}
  m_PrefabInternal: {fileID: 0}
  m_GameObject: {fileID: 914477314}
  m_Enabled: 1
  m_EditorHideFlags: 0
  m_Script: {fileID: -619905303, guid: f70555f144d8491a825f0804e09c671c, type: 3}
  m_Name: 
  m_EditorClassIdentifier: 
  m_FirstSelected: {fileID: 0}
  m_sendNavigationEvents: 1
  m_DragThreshold: 5
--- !u!4 &914477317
Transform:
  m_ObjectHideFlags: 0
  m_PrefabParentObject: {fileID: 0}
  m_PrefabInternal: {fileID: 0}
  m_GameObject: {fileID: 914477314}
  m_LocalRotation: {x: 0, y: 0, z: 0, w: 1}
  m_LocalPosition: {x: 0, y: 0, z: 0}
  m_LocalScale: {x: 1, y: 1, z: 1}
  m_Children: []
  m_Father: {fileID: 0}
  m_RootOrder: 2
  m_LocalEulerAnglesHint: {x: 0, y: 0, z: 0}
--- !u!1001 &1006721303
Prefab:
  m_ObjectHideFlags: 0
  serializedVersion: 2
  m_Modification:
    m_TransformParent: {fileID: 0}
    m_Modifications:
    - target: {fileID: 4877416950172522, guid: 39c6f442aa2174047910f10f0c6b8e8f, type: 2}
      propertyPath: m_LocalPosition.x
      value: 0
      objectReference: {fileID: 0}
    - target: {fileID: 4877416950172522, guid: 39c6f442aa2174047910f10f0c6b8e8f, type: 2}
      propertyPath: m_LocalPosition.y
      value: 0
      objectReference: {fileID: 0}
    - target: {fileID: 4877416950172522, guid: 39c6f442aa2174047910f10f0c6b8e8f, type: 2}
      propertyPath: m_LocalPosition.z
      value: -6.0247703
      objectReference: {fileID: 0}
    - target: {fileID: 4877416950172522, guid: 39c6f442aa2174047910f10f0c6b8e8f, type: 2}
      propertyPath: m_LocalRotation.x
      value: -0
      objectReference: {fileID: 0}
    - target: {fileID: 4877416950172522, guid: 39c6f442aa2174047910f10f0c6b8e8f, type: 2}
      propertyPath: m_LocalRotation.y
      value: -0
      objectReference: {fileID: 0}
    - target: {fileID: 4877416950172522, guid: 39c6f442aa2174047910f10f0c6b8e8f, type: 2}
      propertyPath: m_LocalRotation.z
      value: -0
      objectReference: {fileID: 0}
    - target: {fileID: 4877416950172522, guid: 39c6f442aa2174047910f10f0c6b8e8f, type: 2}
      propertyPath: m_LocalRotation.w
      value: 1
      objectReference: {fileID: 0}
    - target: {fileID: 4877416950172522, guid: 39c6f442aa2174047910f10f0c6b8e8f, type: 2}
      propertyPath: m_RootOrder
      value: 0
      objectReference: {fileID: 0}
    - target: {fileID: 20784022718258468, guid: 39c6f442aa2174047910f10f0c6b8e8f,
        type: 2}
      propertyPath: m_BackGroundColor.r
      value: 0.68235296
      objectReference: {fileID: 0}
    - target: {fileID: 20784022718258468, guid: 39c6f442aa2174047910f10f0c6b8e8f,
        type: 2}
      propertyPath: m_BackGroundColor.g
      value: 0.5058824
      objectReference: {fileID: 0}
    - target: {fileID: 20784022718258468, guid: 39c6f442aa2174047910f10f0c6b8e8f,
        type: 2}
      propertyPath: m_BackGroundColor.b
      value: 0.33333334
      objectReference: {fileID: 0}
    - target: {fileID: 1348236447777092, guid: 39c6f442aa2174047910f10f0c6b8e8f, type: 2}
      propertyPath: m_Name
      value: PlayerCamera
      objectReference: {fileID: 0}
    m_RemovedComponents: []
  m_ParentPrefab: {fileID: 100100000, guid: 39c6f442aa2174047910f10f0c6b8e8f, type: 2}
  m_IsPrefabParent: 0
--- !u!1 &1188209886
GameObject:
  m_ObjectHideFlags: 0
  m_PrefabParentObject: {fileID: 0}
  m_PrefabInternal: {fileID: 0}
  serializedVersion: 5
  m_Component:
  - component: {fileID: 1188209888}
  - component: {fileID: 1188209887}
  m_Layer: 0
  m_Name: GameObject
  m_TagString: Untagged
  m_Icon: {fileID: 0}
  m_NavMeshLayer: 0
  m_StaticEditorFlags: 0
  m_IsActive: 1
--- !u!212 &1188209887
SpriteRenderer:
  m_ObjectHideFlags: 0
  m_PrefabParentObject: {fileID: 0}
  m_PrefabInternal: {fileID: 0}
  m_GameObject: {fileID: 1188209886}
  m_Enabled: 0
  m_CastShadows: 0
  m_ReceiveShadows: 0
  m_DynamicOccludee: 1
  m_MotionVectors: 1
  m_LightProbeUsage: 1
  m_ReflectionProbeUsage: 1
  m_Materials:
  - {fileID: 10754, guid: 0000000000000000f000000000000000, type: 0}
  m_StaticBatchInfo:
    firstSubMesh: 0
    subMeshCount: 0
  m_StaticBatchRoot: {fileID: 0}
  m_ProbeAnchor: {fileID: 0}
  m_LightProbeVolumeOverride: {fileID: 0}
  m_ScaleInLightmap: 1
  m_PreserveUVs: 0
  m_IgnoreNormalsForChartDetection: 0
  m_ImportantGI: 0
  m_StitchLightmapSeams: 0
  m_SelectedEditorRenderState: 0
  m_MinimumChartSize: 4
  m_AutoUVMaxDistance: 0.5
  m_AutoUVMaxAngle: 89
  m_LightmapParameters: {fileID: 0}
  m_SortingLayerID: 0
  m_SortingLayer: 0
  m_SortingOrder: 0
  m_Sprite: {fileID: 21300000, guid: f656bc6e0382d4cb1a6dac46072d7694, type: 3}
  m_Color: {r: 1, g: 1, b: 1, a: 1}
  m_FlipX: 0
  m_FlipY: 0
  m_DrawMode: 0
  m_Size: {x: 1, y: 1}
  m_AdaptiveModeThreshold: 0.5
  m_SpriteTileMode: 0
  m_WasSpriteAssigned: 1
  m_MaskInteraction: 0
--- !u!4 &1188209888
Transform:
  m_ObjectHideFlags: 0
  m_PrefabParentObject: {fileID: 0}
  m_PrefabInternal: {fileID: 0}
  m_GameObject: {fileID: 1188209886}
  m_LocalRotation: {x: 0, y: 0, z: 0, w: 1}
  m_LocalPosition: {x: 51.81, y: -52.43, z: 0.6949669}
  m_LocalScale: {x: 1, y: 1, z: 1}
  m_Children: []
  m_Father: {fileID: 0}
  m_RootOrder: 4
  m_LocalEulerAnglesHint: {x: 0, y: 0, z: 0}
--- !u!1001 &2034722334
Prefab:
  m_ObjectHideFlags: 0
  serializedVersion: 2
  m_Modification:
    m_TransformParent: {fileID: 0}
    m_Modifications:
    - target: {fileID: 4159980375573550, guid: 9c1f9c0dd1a2dc7449deb6740c1cceca, type: 2}
      propertyPath: m_LocalPosition.x
      value: 44.26
      objectReference: {fileID: 0}
    - target: {fileID: 4159980375573550, guid: 9c1f9c0dd1a2dc7449deb6740c1cceca, type: 2}
      propertyPath: m_LocalPosition.y
      value: -48.11
      objectReference: {fileID: 0}
    - target: {fileID: 4159980375573550, guid: 9c1f9c0dd1a2dc7449deb6740c1cceca, type: 2}
      propertyPath: m_LocalPosition.z
      value: 0
      objectReference: {fileID: 0}
    - target: {fileID: 4159980375573550, guid: 9c1f9c0dd1a2dc7449deb6740c1cceca, type: 2}
      propertyPath: m_LocalRotation.x
      value: 0
      objectReference: {fileID: 0}
    - target: {fileID: 4159980375573550, guid: 9c1f9c0dd1a2dc7449deb6740c1cceca, type: 2}
      propertyPath: m_LocalRotation.y
      value: 0
      objectReference: {fileID: 0}
    - target: {fileID: 4159980375573550, guid: 9c1f9c0dd1a2dc7449deb6740c1cceca, type: 2}
      propertyPath: m_LocalRotation.z
      value: 0
      objectReference: {fileID: 0}
    - target: {fileID: 4159980375573550, guid: 9c1f9c0dd1a2dc7449deb6740c1cceca, type: 2}
      propertyPath: m_LocalRotation.w
      value: 1
      objectReference: {fileID: 0}
    - target: {fileID: 4159980375573550, guid: 9c1f9c0dd1a2dc7449deb6740c1cceca, type: 2}
      propertyPath: m_RootOrder
      value: 1
      objectReference: {fileID: 0}
    - target: {fileID: 114385662174133680, guid: 9c1f9c0dd1a2dc7449deb6740c1cceca,
        type: 2}
      propertyPath: level
      value: 100
      objectReference: {fileID: 0}
    - target: {fileID: 114385662174133680, guid: 9c1f9c0dd1a2dc7449deb6740c1cceca,
        type: 2}
      propertyPath: attack
      value: 60
      objectReference: {fileID: 0}
    - target: {fileID: 114385662174133680, guid: 9c1f9c0dd1a2dc7449deb6740c1cceca,
        type: 2}
      propertyPath: defence
      value: 40
      objectReference: {fileID: 0}
    - target: {fileID: 114385662174133680, guid: 9c1f9c0dd1a2dc7449deb6740c1cceca,
        type: 2}
      propertyPath: maximumMagic
      value: 30
      objectReference: {fileID: 0}
    - target: {fileID: 114385662174133680, guid: 9c1f9c0dd1a2dc7449deb6740c1cceca,
        type: 2}
      propertyPath: luck
      value: 30
      objectReference: {fileID: 0}
    - target: {fileID: 114385662174133680, guid: 9c1f9c0dd1a2dc7449deb6740c1cceca,
        type: 2}
      propertyPath: speed
      value: 10
      objectReference: {fileID: 0}
    - target: {fileID: 114385662174133680, guid: 9c1f9c0dd1a2dc7449deb6740c1cceca,
        type: 2}
      propertyPath: sprite
      value: 
      objectReference: {fileID: 2800000, guid: a30ee70bf21da8143a10d57deeab75e0, type: 3}
    - target: {fileID: 114952688526256120, guid: 9c1f9c0dd1a2dc7449deb6740c1cceca,
        type: 2}
      propertyPath: dialogue.Array.data[0]
      value: Aha! It was me, Colin all along, I'm the Vice Chancellor! You dare to
        beat the master!?
      objectReference: {fileID: 0}
    - target: {fileID: 212793152256735916, guid: 9c1f9c0dd1a2dc7449deb6740c1cceca,
        type: 2}
      propertyPath: m_Sprite
      value: 
      objectReference: {fileID: 21300000, guid: 9bda0794f756ab14abd30f71de9a4792,
        type: 3}
    - target: {fileID: 61851030795359140, guid: 9c1f9c0dd1a2dc7449deb6740c1cceca,
        type: 2}
      propertyPath: m_Offset.x
      value: 0
      objectReference: {fileID: 0}
    - target: {fileID: 61851030795359140, guid: 9c1f9c0dd1a2dc7449deb6740c1cceca,
        type: 2}
      propertyPath: m_Offset.y
      value: 0
      objectReference: {fileID: 0}
    - target: {fileID: 61851030795359140, guid: 9c1f9c0dd1a2dc7449deb6740c1cceca,
        type: 2}
      propertyPath: m_Size.x
      value: 1
      objectReference: {fileID: 0}
    - target: {fileID: 61851030795359140, guid: 9c1f9c0dd1a2dc7449deb6740c1cceca,
        type: 2}
      propertyPath: m_Size.y
      value: 2
      objectReference: {fileID: 0}
    - target: {fileID: 114385662174133680, guid: 9c1f9c0dd1a2dc7449deb6740c1cceca,
        type: 2}
      propertyPath: health
      value: 100
      objectReference: {fileID: 0}
    - target: {fileID: 114385662174133680, guid: 9c1f9c0dd1a2dc7449deb6740c1cceca,
        type: 2}
      propertyPath: special1
      value: 0
      objectReference: {fileID: 0}
    - target: {fileID: 114385662174133680, guid: 9c1f9c0dd1a2dc7449deb6740c1cceca,
        type: 2}
      propertyPath: special2
      value: 0
      objectReference: {fileID: 0}
    - target: {fileID: 114385662174133680, guid: 9c1f9c0dd1a2dc7449deb6740c1cceca,
        type: 2}
      propertyPath: special2Magic
      value: 5
      objectReference: {fileID: 0}
    - target: {fileID: 114385662174133680, guid: 9c1f9c0dd1a2dc7449deb6740c1cceca,
        type: 2}
      propertyPath: special1Magic
      value: 4
      objectReference: {fileID: 0}
    - target: {fileID: 114385662174133680, guid: 9c1f9c0dd1a2dc7449deb6740c1cceca,
        type: 2}
      propertyPath: special1Value
      value: 2
      objectReference: {fileID: 0}
    - target: {fileID: 114385662174133680, guid: 9c1f9c0dd1a2dc7449deb6740c1cceca,
        type: 2}
      propertyPath: special2Value
      value: 3
      objectReference: {fileID: 0}
    - target: {fileID: 114385662174133680, guid: 9c1f9c0dd1a2dc7449deb6740c1cceca,
        type: 2}
      propertyPath: special1Text
      value: used magic attack against
      objectReference: {fileID: 0}
    - target: {fileID: 114385662174133680, guid: 9c1f9c0dd1a2dc7449deb6740c1cceca,
        type: 2}
      propertyPath: special2Text
      value: used strong magic attack against
      objectReference: {fileID: 0}
    - target: {fileID: 114385662174133680, guid: 9c1f9c0dd1a2dc7449deb6740c1cceca,
        type: 2}
      propertyPath: name
      value: Vice Chancellor
      objectReference: {fileID: 0}
    m_RemovedComponents: []
  m_ParentPrefab: {fileID: 100100000, guid: 9c1f9c0dd1a2dc7449deb6740c1cceca, type: 2}
  m_IsPrefabParent: 0
